@article{reavis2009global,
  title={The global financial crisis of 2008--2009: the role of greed, fear and oligarchs},
  author={Reavis, Cate},
  journal={Massachusetts Institute of Technology},
  pages={09--093},
  year={2009}
}
@article{tonkiss2009trust,
  title={Trust, confidence and economic crisis},
  author={Tonkiss, Fran},
  journal={Intereconomics},
  volume={44},
  number={4},
  pages={196--202},
  year={2009},
  publisher={Springer}
}
@article{beugelsdijk2004trust,
  title={Trust and economic growth: a robustness analysis},
  author={Beugelsdijk, Sjoerd and de Grooty, Henri LF and van Schaikz, Anton BTM},
  year={2004}
}
@book{rothstein2004all,
  title={All for all: Equality and social trust},
  author={Rothstein, Bo and Uslaner, Eric M},
  year={2004},
  publisher={Minda de Gunzburg Center for European Studies, Harvard University}
}
@article{mansoor2011global,
  title={The global business crisis and consumer behavior: Kingdom of Bahrain as a case study},
  author={Mansoor, Durra and Jalal, Akram},
  journal={International Journal of Business and Management},
  volume={6},
  number={1},
  pages={104},
  year={2011},
  publisher={Canadian Center of Science and Education}
}
@article{kaytaz2014consumer,
  title={Consumer response to economic crisis and lessons for marketers: The Turkish experience},
  author={Kaytaz, Mehmet and Gul, Misra C},
  journal={Journal of Business Research},
  volume={67},
  number={1},
  pages={2701--2706},
  year={2014},
  publisher={Elsevier}
}
@article{voinea2011analyzing,
  title={Analyzing the main changes in new consumer buying behavior during economic crisis},
  author={Voinea, Lelia and Filip, Alina},
  journal={International Journal of Economic Practices and Theories},
  volume={1},
  number={1},
  pages={14--19},
  year={2011}
}
@article{hanushek2008role,
  title={The role of cognitive skills in economic development},
  author={Hanushek, Eric A and Woessmann, Ludger},
  journal={Journal of economic literature},
  volume={46},
  number={3},
  pages={607--68},
  year={2008}
}
@article{lo2005fear,
  title={Fear and greed in financial markets: A clinical study of day-traders},
  author={Lo, Andrew W and Repin, Dmitry V and Steenbarger, Brett N},
  journal={American Economic Review},
  volume={95},
  number={2},
  pages={352--359},
  year={2005}
}
@article{nistorescu2009marketing,
  title={Marketing strategies used in crisis-study case},
  author={Nistorescu, Tudor and Puiu, Silvia},
  year={2009}
}
@article{amalia2009consumers,
  title={Consumersâ€™ reaction and organizational response in crisis context},
  author={Amalia, Pandelica and Ionut, Pandelica and others},
  journal={The Journal of the faculty of Economics},
  volume={1},
  number={5},
  pages={779--782},
  year={2009},
  publisher={Citeseer}
}
@article{flatters2009understanding,
  title={Understanding the post-recession consumer},
  author={Flatters, Paul and Willmott, Michael},
  journal={Harvard Business Review},
  volume={87},
  number={7/8},
  pages={106--112},
  year={2009}
}
@article{less2005bureau,
  title={Bureau for Research and Economic Analysis of Development},
  author={Less, Buying and More, But Shopping},
  year={2005}
}
@article{urbonavivcius2010consumers,
  title={Consumers in the face of economic crisis: evidence from two generations in Lithuania},
  author={Urbonavi{\v{c}}ius, Sigitas and Pikturnien{\.e}, Indr{\.e}},
  journal={Ekonomika ir vadyba},
  number={15},
  pages={827--834},
  year={2010}
}
@article{ang2000asian,
  title={The Asian apocalypse: crisis marketing for consumers and businesses},
  author={Ang, Swee Hoon and Leong, Siew Meng and Kotler, Philip},
  journal={Long Range Planning},
  volume={33},
  number={1},
  pages={97--119},
  year={2000},
  publisher={Elsevier}
}
